@article{schirokauer2010number,
	title={The number field sieve for integers of low weight},
	author={Schirokauer, Oliver},
	journal={Mathematics of Computation},
	volume={79},
	number={269},
	pages={583--602},
	year={2010}
}
@InProceedings{self_indo17,
	author="Khandaker, Md. Al-Amin
	and Nanjo, Yuki
	and Ghammam, Loubna
	and Duquesne, Sylvain
	and Nogami, Yasuyuki
	and Kodera, Yuta",
	editor="Patra, Arpita
	and Smart, Nigel P.",
	title="Efficient Optimal Ate Pairing at 128-Bit Security Level",
	booktitle="Progress in Cryptology -- INDOCRYPT 2017",
	year="2017",
	publisher="Springer International Publishing",
	address="Cham",
	pages="186--205"
}
@inproceedings{cyclotomic_sqr,
  title={Faster squaring in the cyclotomic subgroup of sixth degree extensions},
  author={Granger, Robert and Scott, Michael},
  booktitle={International Workshop on Public Key Cryptography},
  pages={209--223},
  year={2010},
  organization={Springer}
}
@article{cvma_nekado,
	title={Cyclic Vector Multiplication Algorithm and Existence Probability of Gauss Period Normal Basis},
	author={Kenta NEKADO and Yasuyuki NOGAMI and Hidehiro KATO and Yoshitaka MORIKAWA},
	journal={IEICE Transactions on Fundamentals of Electronics, Communications and Computer Sciences},
	volume={E94.A},
	number={1},
	pages={172-179},
	year={2011},
	doi={10.1587/transfun.E94.A.172}
}
@article{cvma_kato,
	author = {Hidehiro Kato and Yasuyuki Nogami and Tomoki Yoshida and Yoshitaka Morikawa},
	title = {Cyclic Vector Multiplication Algorithm Based on a Special Class of Gauss Period Normal Basis},
	journal = {ETRI Journal},
	volume = {29},
	number = {6},
	pages = {769-778},
  year={2007},
	doi = {10.4218/etrij.07.0107.0040},
	url = {https://onlinelibrary.wiley.com/doi/abs/10.4218/etrij.07.0107.0040},
	eprint = {https://onlinelibrary.wiley.com/doi/pdf/10.4218/etrij.07.0107.0040}
}
@misc{cvma_sanada,
	author = {Akihito Sanada   and Duquesne Sylvain and Masaaki Shirase  and Yasuyuki Nogami },
	title = {A Consideration of an Efficient Calculation over the Extension Field of Degree 4 for Elliptic Curve Pairing Cryptography},
	journal = {IEICE Tech. Rep.},
	volume = {116},
	number = {163},
	pages = {45-50},
	year={2016},
	url = {http://www.ieice.org/ken/paper/20160729yb97/eng/}
}

@Article{sylvain_new_param,
	author="Barbulescu, Razvan
	and Duquesne, Sylvain",
	title="Updating Key Size Estimations for Pairings",
	journal="Journal of Cryptology",
	year="2018",
	month="Jan",
	day="29",
	issn="1432-1378",
	url="https://doi.org/10.1007/s00145-018-9280-5"
}

@article{karabina2013squaring,
  title={Squaring in cyclotomic subgroups},
  author={Karabina, Koray},
  journal={Mathematics of Computation},
  volume={82},
  number={281},
  pages={555--579},
  year={2013}
}
@article{kss,
  title={Constructing Brezing-Weng Pairing-Friendly Elliptic Curves Using Elements in the Cyclotomic Field},
  author={Kachisa, Ezekiel and Schaefer, Edward and Scott, Michael},
  journal={Pairing-Based Cryptography--Pairing 2008},
  pages={126--135},
  year={2008},
  publisher={Springer}
}
@article{OEF,
  title={Efficient arithmetic in finite field extensions with application in elliptic curve cryptography},
  author={Bailey, Daniel V and Paar, Christof},
  journal={Journal of cryptology},
  volume={14},
  number={3},
  pages={153--176},
  year={2001},
  publisher={Springer}
}
@article{ECC_Kob,
  title={Elliptic curve cryptosystems},
  author={Koblitz, Neal},
  journal={Mathematics of computation},
  volume={48},
  number={177},
  pages={203--209},
  year={1987}
}
@inproceedings{aranha2011faster,
  title={Faster Explicit Formulas for Computing Pairings over Ordinary Curves.},
  author={Aranha, Diego F and Karabina, Koray and Longa, Patrick and Gebotys, Catherine H and Lopez, Julio},
  booktitle={Eurocrypt},
  volume={6632},
  pages={48--68},
  year={2011},
  organization={Springer}
}
@inproceedings{grewal2012efficient,
  title={Efficient implementation of bilinear pairings on ARM processors},
  author={Grewal, Gurleen and Azarderakhsh, Reza and Longa, Patrick and Hu, Shi and Jao, David},
  booktitle={International Conference on Selected Areas in Cryptography},
  pages={149--165},
  year={2012},
  organization={Springer}
}
@article{devegili2006multiplication,
  title={Multiplication and Squaring on Pairing-Friendly Fields.},
  author={Devegili, Augusto Jun and O'hEigeartaigh, Colm and Scott, Michael and Dahab, Ricardo},
  journal={IACR Cryptology ePrint Archive},
  volume={2006},
  pages={471},
  year={2006}
}
@inproceedings{costello2010faster,
  title={Faster pairing computations on curves with high-degree twists},
  author={Costello, Craig and Lange, Tanja and Naehrig, Michael},
  booktitle={International Workshop on Public Key Cryptography},
  pages={224--242},
  year={2010},
  organization={Springer}
}
@article{nogami_scm_ate,
  title={Scalar multiplication using frobenius expansion over twisted elliptic curve for ate pairing based cryptography},
  author={Nogami, Yasuyuki and Sakemi, Yumi and Okimoto, Takumi and Nekado, Kenta and Akane, Masataka and Morikawa, Yoshitaka},
  journal={IEICE transactions on fundamentals of electronics, communications and computer sciences},
  volume={92-A},
  number={1},
  pages={182--189},
  year={2009},
  publisher={The Institute of Electronics, Information and Communication Engineers}
}
@article{Weil_p,
  title={The Weil pairing, and its efficient calculation},
  author={Miller, Victor S},
  journal={Journal of Cryptology},
  volume={17},
  number={4},
  pages={235--261},
  year={2004},
  publisher={Springer}
}
@article{op_ate_p,
  title={Optimal pairings},
  author={Vercauteren, Frederik},
  journal={Information Theory, IEEE Transactions on},
  volume={56},
  number={1},
  pages={455--461},
  year={2010},
  publisher={IEEE}
}
@article{sakai_id_based,
  title={ID based Cryptosystems with Pairing on Elliptic Curve.},
  author={Sakai, Ryuichi and Kasahara, Masao},
  journal={IACR Cryptology ePrint Archive},
  volume={2003},
  pages={54},
  year={2003}
}
@inproceedings{loubna_kss16,
  title={Adequate elliptic curves for computing the product of n pairings},
  author={Ghammam, Loubna and Fouotsa, Emmanuel},
  booktitle={International Workshop on the Arithmetic of Finite Fields},
  pages={36--53},
  year={2016},
  organization={Springer}
}
@misc{sylvain_bn,
    author = {Sylvain Duquesne and Nadia El Mrabet and Safia Haloui and Franck Rondepierre},
    title = {Choosing and generating parameters for low level pairing implementation on BN curves},
    howpublished = {Cryptology ePrint Archive, Report 2015/1212},
    year = {2015},
    note = {\url{http://eprint.iacr.org/2015/1212}},
}
@inproceedings{FuentesBN,
  author    = {Laura Fuentes{-}Casta{\~{n}}eda and
               Edward Knapp and
               Francisco Rodr{\'{\i}}guez{-}Henr{\'{\i}}quez},
  title     = {Faster Hashing to {\textdollar}\{{\textbackslash}mathbb G\}{\_}2{\textdollar}},
  booktitle = {Selected Areas in Cryptography - 18th International Workshop, {SAC}
               2011, Toronto, ON, Canada, August 11-12, 2011, Revised Selected Papers},
  pages     = {412--430},
  year      = {2011},
  url       = {https://doi.org/10.1007/978-3-642-28496-0_25},
  doi       = {10.1007/978-3-642-28496-0_25},
  timestamp = {Sun, 21 May 2017 00:19:13 +0200},
  biburl    = {http://dblp.uni-trier.de/rec/bib/conf/sacrypt/Fuentes-CastanedaKR11},
  bibsource = {dblp computer science bibliography, http://dblp.org}
}
@inproceedings{scott_finalexp,
  author    = {Michael Scott and
               Naomi Benger and
               Manuel Charlemagne and
               Luis J. Dominguez Perez and
               Ezekiel J. Kachisa},
  title     = {On the Final Exponentiation for Calculating Pairings on Ordinary Elliptic
               Curves},
  booktitle = {Pairing-Based Cryptography - Pairing 2009, Third International Conference,
               Palo Alto, CA, USA, August 12-14, 2009, Proceedings},
  pages     = {78--88},
  year      = {2009},
  url       = {https://doi.org/10.1007/978-3-642-03298-1_6},
  doi       = {10.1007/978-3-642-03298-1_6},
  timestamp = {Thu, 15 Jun 2017 21:37:30 +0200},
  biburl    = {http://dblp.uni-trier.de/rec/bib/conf/pairing/ScottBCPK09},
  bibsource = {dblp computer science bibliography, http://dblp.org}
}
@inproceedings{sakai2000cryptosystems,
  title={Cryptosystems based on pairing},
  author={Sakai, Ryuichi},
  booktitle={The 2000 Symposium on Cryptography and Information Security, Okinawa, Japan, Jan.},
  pages={26--28},
  year={2000}
}
@inproceedings{okamoto2010fully,
  title={Fully secure functional encryption with general relations from the decisional linear assumption},
  author={Okamoto, Tatsuaki and Takashima, Katsuyuki},
  booktitle={Annual Cryptology Conference},
  pages={191--208},
  year={2010},
  organization={Springer}
}
@article{galbraith2008pairings,
  title={Pairings for cryptographers},
  author={Galbraith, Steven D and Paterson, Kenneth G and Smart, Nigel P},
  journal={Discrete Applied Mathematics},
  volume={156},
  number={16},
  pages={3113--3121},
  year={2008},
  publisher={Elsevier}
}
@inproceedings{abe_sahai,
  title={Fuzzy identity-based encryption},
  author={Sahai, Amit and Waters, Brent},
  booktitle={Annual International Conference on the Theory and Applications of Cryptographic Techniques},
  pages={457--473},
  year={2005},
  organization={Springer}
}
@article{r_ate,
  title={Efficient and generalized pairing computation on abelian varieties},
  author={Lee, Eunjeong and Lee, Hyang-Sook and Park, Cheol-Min},
  journal={IEEE Transactions on Information Theory},
  volume={55},
  number={4},
  pages={1793--1803},
  year={2009},
  publisher={IEEE}
}
@article{taxonomy,
  title={A taxonomy of pairing-friendly elliptic curves},
  author={Freeman, David and Scott, Michael and Teske, Edlyn},
  journal={Journal of cryptology},
  volume={23},
  number={2},
  pages={224--280},
  year={2010},
  publisher={Springer}
}
@inproceedings{self_ICISC,
  title={An Improvement of Optimal Ate Pairing on {KSS} Curve with Pseudo 12-Sparse Multiplication},
  author={Khandaker, Md Al-Amin and Ono, Hirotaka and Nogami, Yasuyuki and Shirase, Masaaki and Duquesne, Sylvain},
  booktitle={International Conference on Information Security and Cryptology},
  pages={208--219},
  year={2016},
  organization={Springer}
}
@inproceedings{self_CANDAR,
  title={Isomorphic Mapping for Ate-Based Pairing over KSS Curve of Embedding Degree 18},
  author={Khandaker, Md Al-Amin and Nogami, Yasuyuki},
  booktitle={Computing and Networking (CANDAR), 2016 Fourth International Symposium on},
  pages={629--634},
  year={2016},
  organization={IEEE}
}
@inproceedings{sakemi_skew,
  title={Skew frobenius map and efficient scalar multiplication for pairing--based cryptography},
  author={Sakemi, Yumi and Nogami, Yasuyuki and Okeya, Katsuyuki and Kato, Hidehiro and Morikawa, Yoshitaka},
  booktitle={International Conference on Cryptology and Network Security},
  pages={226--239},
  year={2008},
  organization={Springer}
}
@inproceedings{joux,
  title={A one round protocol for tripartite Diffie--Hellman},
  author={Joux, Antoine},
  booktitle={International Algorithmic Number Theory Symposium},
  pages={385--393},
  year={2000},
  organization={Springer}
}

@inproceedings{kim_ecdlp,
  title={Extended tower number field sieve: {A} new complexity for the medium prime case},
  author={Kim, Taechan and Barbulescu, Razvan},
  booktitle={Advances in Cryptology - {CRYPTO} 2016 - Proceedings, Part {I}},
  pages={543--571},
  year={2016},
  organization={Springer}
}
@inproceedings{sca,
  title={Timing attacks on implementations of Diffie-Hellman, RSA, DSS, and other systems},
  author={Kocher, Paul C},
  booktitle={Annual International Cryptology Conference},
  pages={104--113},
  year={1996},
  organization={Springer}
}
@inproceedings{fm_previous,
  title={Construction of Frobenius maps of twists elliptic curves and its application to elliptic scalar multiplication},
  author={Iijima, Tsutomu and Matsuo, Kazuto and Chao, Jinhui and Tsujii, Shigeo},
  booktitle={Proc. of SCIS},
  pages={699--702},
  year={2002}
}
@inproceedings{BN,
  title={Pairing-friendly elliptic curves of prime order},
  author={Barreto, Paulo SLM and Naehrig, Michael},
  booktitle={International Workshop on Selected Areas in Cryptography, {SAC} 2005},
  pages={319--331},
  year={2005},
  organization={Springer}
}
@inproceedings{zhang_L12,
  title={Analysis of optimum pairing products at high security levels},
  author={Zhang, Xusheng and Lin, Dongdai},
  booktitle={Progress in Cryptology - {INDOCRYPT} 2012},
  pages={412--430},
  year={2012},
  organization={Springer}
}
@inproceedings{sub_sec,
  title={Subgroup security in pairing-based cryptography},
  author={Barreto, Paulo SLM and Costello, Craig and Misoczki, Rafael and Naehrig, Michael and Pereira, Geovandro CCF and Zanon, Gustavo},
  booktitle={International Conference on Cryptology and Information Security in Latin America},
  pages={245--265},
  year={2015},
  organization={Springer}
}
@article{sub_group_attack,
  title={A key recovery attack on discrete log-based schemes using a prime order subgroup},
  author={Lim, Chae and Lee, Pil},
  journal={Advances in Cryptology—CRYPTO'97},
  pages={249--263},
  year={1997},
  publisher={Springer}
}
@inproceedings{chibasedBN,
  title={Integer variable $\chi$--based ate pairing},
  author={Nogami, Yasuyuki and Akane, Masataka and Sakemi, Yumi and Kato, Hidehiro and Morikawa, Yoshitaka},
  booktitle={International Conference on Pairing-Based Cryptography},
  pages={178--191},
  year={2008},
  organization={Springer}
}
@inproceedings{group_sign_1,
  title={Short group signatures},
  author={Boneh, Dan and Boyen, Xavier and Shacham, Hovav},
  booktitle={Advances in Cryptology--CRYPTO 2004},
  pages={41--55},
  year={2004},
  organization={Springer}
}
@inproceedings{boneh_keyword,
  title={Public key encryption with keyword search},
  author={Boneh, Dan and Di Crescenzo, Giovanni and Ostrovsky, Rafail and Persiano, Giuseppe},
  booktitle={International Conference on the Theory and Applications of Cryptographic Techniques},
  pages={506--522},
  year={2004},
  organization={Springer}
}
@inproceedings{okamoto_functional,
  title={Fully secure functional encryption with general relations from the decisional linear assumption},
  author={Okamoto, Tatsuaki and Takashima, Katsuyuki},
  booktitle={Annual Cryptology Conference},
  pages={191--208},
  year={2010},
  organization={Springer}
}
@inproceedings{boradcast,
  title={Collusion resistant broadcast encryption with short ciphertexts and private keys},
  author={Boneh, Dan and Gentry, Craig and Waters, Brent},
  booktitle={Advances in Cryptology--CRYPTO 2005},
  pages={258--275},
  year={2005},
  organization={Springer}
}
@inproceedings{ef_ex,
  title={Optimal extension fields for fast arithmetic in public-key algorithms},
  author={Bailey, Daniel V and Paar, Christof},
  booktitle={Advances in Cryptology—CRYPTO'98},
  pages={472--485},
  year={1998},
  organization={Springer}
}
@inproceedings{Khandaker_icisc16,
  title={An Improvement of Optimal Ate Pairing on KSS Curve with Pseudo 12-Sparse Multiplication},
  author={Khandaker, Md Al-Amin and Ono, Hirotaka and Nogami, Yasuyuki and Shirase, Masaaki and Duquesne, Sylvain},
  booktitle={International Conference on Information Security and Cryptology},
  pages={208--219},
  year={2016},
  organization={Springer}
}
@incollection{pr_ex,
  title={Efficient algorithms for pairing-based cryptosystems},
  author={Barreto, Paulo SLM and Kim, Hae Y and Lynn, Ben and Scott, Michael},
  booktitle={Advances in cryptology—CRYPTO 2002},
  pages={354--369},
  year={2002},
  publisher={Springer}
}
@incollection{mori,
  title={Pseudo 8--Sparse Multiplication for Efficient Ate--Based Pairing on Barreto--Naehrig Curve},
  author={Mori, Yuki and Akagi, Shoichi and Nogami, Yasuyuki and Shirase, Masaaki},
  booktitle={Pairing-Based Cryptography--Pairing 2013},
  pages={186--198},
  year={2013},
  publisher={Springer}
}
@incollection{shortsign,
  title={Short signatures from the Weil pairing},
  author={Boneh, Dan and Lynn, Ben and Shacham, Hovav},
  booktitle={Advances in Cryptology—ASIACRYPT 2001},
  pages={514--532},
  year={2001},
  publisher={Springer}
}
@incollection{group_sign_2,
  title={Verifier-local revocation group signature schemes with backward unlinkability from bilinear maps},
  author={Nakanishi, Toru and Funabiki, Nobuo},
  booktitle={Advances in Cryptology-ASIACRYPT 2005},
  pages={533--548},
  year={2005},
  publisher={Springer}
}
@incollection{const_ext,
  title={Constructing tower extensions of finite fields for implementation of pairing-based cryptography},
  author={Benger, Naomi and Scott, Michael},
  booktitle={Arithmetic of finite fields},
  pages={180--195},
  year={2010},
  publisher={Springer}
}
@incollection{ec_ex,
  title={Constructing elliptic curves with prescribed embedding degrees},
  author={Barreto, Paulo SLM and Lynn, Ben and Scott, Michael},
  booktitle={Security in Communication Networks},
  pages={257--267},
  year={2002},
  publisher={Springer}
}
@incollection{kss_param,
  title={On the efficient implementation of pairing-based protocols},
  author={Scott, Michael},
  booktitle={Cryptography and Coding},
  pages={296--308},
  year={2011},
  publisher={Springer}
}
@incollection{aranha,
  title={Implementing pairings at the 192-bit security level},
  author={Aranha, Diego F and Fuentes-Casta{\~n}eda, Laura and Knapp, Edward and Menezes, Alfred and Rodr{\'\i}guez-Henr{\'\i}quez, Francisco},
  booktitle={Pairing-Based Cryptography--Pairing 2012},
  pages={177--195},
  year={2012},
  publisher={Springer}
}
@incollection{twisted_ate,
  title={Optimised versions of the ate and twisted ate pairings},
  author={Matsuda, Seiichi and Kanayama, Naoki and Hess, Florian and Okamoto, Eiji},
  booktitle={Cryptography and Coding},
  pages={302--312},
  year={2007},
  publisher={Springer}
}
@article{mont_trick,
  title={Speeding the Pollard and elliptic curve methods of factorization},
  author={Montgomery, Peter L},
  journal={Mathematics of computation},
  volume={48},
  number={177},
  pages={243--264},
  year={1987}
}
@Manual{gmp,
  title = 	 "{GNU MP}: {T}he {GNU} {M}ultiple {P}recision
 		  {A}rithmetic {L}ibrary",
  author = "Torbjörn Granlund and {the GMP development team}",
  edition = "6.1.0",
  year = 2015,
 note = "http://gmplib.org"
 }
@book{ecc_book,
  title={Elliptic curves: number theory and cryptography},
  author={Washington, Lawrence C},
  year={2008},
  publisher={CRC press}
}
@book{Silverman,
  title={Arithmetic geometry},
  author={Silverman, Joseph H and Cornell, Gary and Artin, M},
  year={1986},
  publisher={Springer}
}
@article{weil1949numbers,
  title={Numbers of solutions of equations in finite fields},
  author={Weil, Andr{\'e} and others},
  journal={Bull. Amer. Math. Soc},
  volume={55},
  number={5},
  pages={497--508},
  year={1949}
}
@book{ate,
  title={Handbook of elliptic and hyperelliptic curve cryptography},
  author={Cohen, Henri and Frey, Gerhard and Avanzi, Roberto and Doche, Christophe and Lange, Tanja and Nguyen, Kim and Vercauteren, Frederik},
  year={2005},
  publisher={CRC press}
}
@misc{loubna_bls12,
    author = {Loubna Ghammam and Emmanuel Fouotsa},
    title = {On the Computation of the Optimal Ate Pairing at the 192-bit Security Level},
    howpublished = {Cryptology ePrint Archive, Report 2016/130},
    year = {2016},
    note = {\url{http://eprint.iacr.org/2016/130}},
}



@link{NIST,
Author={National Institute of Standards and Technology},
note={http://csrc.nist.gov/publications/PubsSPs.html }
}

@inproceedings{Sha1984,
	author = {A. Shamir },
 title = {Identity-based cryptosystems and signature schemes},
 booktitle = {Proceedings of CRYPTO 84 on Advances in cryptology},
 year = {1984},
 isbn = {0-387-15658-5},
 pages = {47--53},
 location = {Santa Barbara, California, United States},
 publisher = {Springer-Verlag New York, Inc.},
 address = {New York, NY, USA},
 }

@inproceedings{stam02efficient,
 author    = {Martijn Stam and
 Arjen K. Lenstra},
 title     = {Efficient Subgroup Exponentiation in Quadratic and Sixth Degree Extensions},
 booktitle = {Cryptographic Hardware and Embedded Systems - {CHES} 2002},
 pages     = {318--332},
 year      = {2002},
}

@inproceedings{scott04compressed,
  author    = {Michael Scott and
               Paulo S. L. M. Barreto},
  title     = {Compressed Pairings},
  booktitle = {Advances in Cryptology - {CRYPTO} 2004},
  pages     = {140--156},
  year      = {2004},
}

@article{Karabina13Squaring,
  author    = {Koray Karabina},
  title     = {Squaring in cyclotomic subgroups},
  journal   = {Math. Comput.},
  volume    = {82},
  number    = {281},
  pages     = {555--579},
  year      = {2013},
}
@misc{boneh_blockchain,
    author = {Dan Boneh and Manu Drijvers and Gregory Neven},
    title = {Compact Multi-Signatures for Smaller Blockchains},
    howpublished = {Cryptology ePrint Archive, Report 2018/483},
    year = {2018},
    note = {\url{https://eprint.iacr.org/2018/483}},
}
@article{khandaker2017improvement,
  title={An Improvement of Scalar Multiplication by Skew Frobenius Map with Multi-Scalar Multiplication for KSS Curve},
  author={Khandaker, Md Al-Amin and Nogami, Yasuyuki},
  journal={IEICE Transactions on Fundamentals of Electronics, Communications and Computer Sciences},
  volume={100},
  number={9},
  pages={1838--1845},
  year={2017},
  publisher={The Institute of Electronics, Information and Communication Engineers}
}
@article{longa2014four_glv,
  title={Four-dimensional Gallant--Lambert--Vanstone scalar multiplication},
  author={Longa, Patrick and Sica, Francesco},
  journal={Journal of Cryptology},
  volume={27},
  number={2},
  pages={248--283},
  year={2014},
  publisher={Springer}
}
@article{galbraith2011endomorphisms,
  title={Endomorphisms for faster elliptic curve cryptography on a large class of curves},
  author={Galbraith, Steven D and Lin, Xibin and Scott, Michael},
  journal={Journal of cryptology},
  volume={24},
  number={3},
  pages={446--469},
  year={2011},
  publisher={Springer}
}
@article{faz2015efficient,
  title={Efficient and secure algorithms for GLV-based scalar multiplication and their implementation on GLV--GLS curves (extended version)},
  author={Faz-Hern{\'a}ndez, Armando and Longa, Patrick and S{\'a}nchez, Ana H},
  journal={Journal of Cryptographic Engineering},
  volume={5},
  number={1},
  pages={31--52},
  year={2015},
  publisher={Springer}
}
@inproceedings{gallant2001faster,
  title={Faster point multiplication on elliptic curves with efficient endomorphisms},
  author={Gallant, Robert P and Lambert, Robert J and Vanstone, Scott A},
  booktitle={Annual International Cryptology Conference},
  pages={190--200},
  year={2001},
  organization={Springer}
}
@inproceedings{groth2010short,
  title={Short pairing-based non-interactive zero-knowledge arguments},
  author={Groth, Jens},
  booktitle={International Conference on the Theory and Application of Cryptology and Information Security},
  pages={321--340},
  year={2010},
  organization={Springer}
}
@article{solinas2001JFS,
  title={Low-weight binary representations for pairs of integers},
  author={Solinas, Jerome A},
  year={2001},
  publisher={Citeseer}
}