@incollection{aranha,
  title={Implementing pairings at the 192-bit security level},
  author={Aranha, Diego F and Fuentes-Casta{\~n}eda, Laura and Knapp, Edward and Menezes, Alfred and Rodr{\'\i}guez-Henr{\'\i}quez, Francisco},
  booktitle={Pairing-Based Cryptography--Pairing 2012},
  pages={177--195},
  year={2012},
  publisher={Springer}
}
@incollection{mori,
  title={Pseudo 8--Sparse Multiplication for Efficient Ate--Based Pairing on Barreto--Naehrig Curve},
  author={Mori, Yuki and Akagi, Shoichi and Nogami, Yasuyuki and Shirase, Masaaki},
  booktitle={Pairing-Based Cryptography--Pairing 2013},
  pages={186--198},
  year={2013},
  publisher={Springer}
}
@article{id_based,
  title={ID based Cryptosystems with Pairing on Elliptic Curve.},
  author={Sakai, Ryuichi and Kasahara, Masao},
  journal={IACR Cryptology ePrint Archive},
  volume={2003},
  pages={54},
  year={2003}
}
@article{nogami,
  author    = {Yasuyuki Nogami and
               Yumi Sakemi and
               Takumi Okimoto and
               Kenta Nekado and
               Masataka Akane and
               Yoshitaka Morikawa},
  title     = {Scalar Multiplication Using Frobenius Expansion over Twisted Elliptic
               Curve for Ate Pairing Based Cryptography},
  journal   = {{IEICE} Transactions},
  volume    = {92-A},
  number    = {1},
  pages     = {182--189},
  year      = {2009},
  url       = {http://search.ieice.org/bin/summary.php?id=e92-a_1_182&category=A&year=2009&lang=E&abst=},
  timestamp = {Thu, 30 Jul 2009 09:53:30 +0200},
  biburl    = {http://dblp.uni-trier.de/rec/bib/journals/ieicet/NogamiSONAM09},
  bibsource = {dblp computer science bibliography, http://dblp.org}
}
@article{r_ate,
  title={Efficient and generalized pairing computation on abelian varieties},
  author={Lee, Eunjeong and Lee, Hyang-Sook and Park, Cheol-Min},
  journal={IEEE Transactions on Information Theory},
  volume={55},
  number={4},
  pages={1793--1803},
  year={2009},
  publisher={IEEE}
}
@incollection{twisted_ate,
  title={Optimised versions of the ate and twisted ate pairings},
  author={Matsuda, Seiichi and Kanayama, Naoki and Hess, Florian and Okamoto, Eiji},
  booktitle={Cryptography and Coding},
  pages={302--312},
  year={2007},
  publisher={Springer}
}
@book{ate,
  title={Handbook of elliptic and hyperelliptic curve cryptography},
  author={Cohen, Henri and Frey, Gerhard and Avanzi, Roberto and Doche, Christophe and Lange, Tanja and Nguyen, Kim and Vercauteren, Frederik},
  year={2005},
  publisher={CRC press}
}
@article{taxonomy,
  title={A taxonomy of pairing-friendly elliptic curves},
  author={Freeman, David and Scott, Michael and Teske, Edlyn},
  journal={Journal of cryptology},
  volume={23},
  number={2},
  pages={224--280},
  year={2010},
  publisher={Springer}
}
@article{kss,
  title={Constructing Brezing-Weng Pairing-Friendly Elliptic Curves Using Elements in the Cyclotomic Field},
  author={Kachisa, Ezekiel and Schaefer, Edward and Scott, Michael},
  journal={Pairing-Based Cryptography--Pairing 2008},
  pages={126--135},
  year={2008},
  publisher={Springer}
}
@misc{gmp,
author	= {GNU Multiple Precision Arithmetic Library, available at},
 title = {http://gmplib.org},
 url= {http://gmplib.org}
}
@inproceedings{fm_previous,
  title={Construction of Frobenius maps of twists elliptic curves and its application to elliptic scalar multiplication},
  author={Iijima, Tsutomu and Matsuo, Kazuto and Chao, Jinhui and Tsujii, Shigeo},
  booktitle={Proc. of SCIS},
  pages={699--702},
  year={2002}
}
@inproceedings{BN,
  author    = {Paulo S. L. M. Barreto and
               Michael Naehrig},
  title     = {Pairing-Friendly Elliptic Curves of Prime Order},
  booktitle = {Selected Areas in Cryptography, 12th International Workshop, {SAC}
               2005, Kingston, ON, Canada, August 11-12, 2005, Revised Selected Papers},
  pages     = {319--331},
  year      = {2005},
  crossref  = {DBLP:conf/sacrypt/2005},
  url       = {http://dx.doi.org/10.1007/11693383_22},
  doi       = {10.1007/11693383_22},
  timestamp = {Fri, 03 Mar 2006 07:48:00 +0100},
  biburl    = {http://dblp.uni-trier.de/rec/bib/conf/sacrypt/BarretoN05},
  bibsource = {dblp computer science bibliography, http://dblp.org}
}
@inproceedings{chibasedBN,
  author    = {Yasuyuki Nogami and
               Masataka Akane and
               Yumi Sakemi and
               Hidehiro Katou and
               Yoshitaka Morikawa},
  title     = {Integer Variable chi-Based Ate Pairing},
  booktitle = {Pairing-Based Cryptography - Pairing 2008, Second International Conference,
               Egham, UK, September 1-3, 2008. Proceedings},
  pages     = {178--191},
  year      = {2008},
  url       = {http://dx.doi.org/10.1007/978-3-540-85538-5_13},
  doi       = {10.1007/978-3-540-85538-5_13},
  timestamp = {Mon, 01 Sep 2008 13:37:14 +0200},
  biburl    = {http://dblp.uni-trier.de/rec/bib/conf/pairing/NogamiASKM08},
  bibsource = {dblp computer science bibliography, http://dblp.org}
}
@article{OEF,
  author    = {Daniel V. Bailey and
               Christof Paar},
  title     = {Efficient Arithmetic in Finite Field Extensions with Application in
               Elliptic Curve Cryptography},
  journal   = {J. Cryptology},
  volume    = {14},
  number    = {3},
  pages     = {153--176},
  year      = {2001},
  url       = {http://dx.doi.org/10.1007/s001450010012},
  doi       = {10.1007/s001450010012},
  timestamp = {Tue, 24 May 2011 14:18:09 +0200},
  biburl    = {http://dblp.uni-trier.de/rec/bib/journals/joc/BaileyP01},
  bibsource = {dblp computer science bibliography, http://dblp.org}
}
@article{ECC_Kob,
  title={Elliptic curve cryptosystems},
  author={Koblitz, Neal},
  journal={Mathematics of computation},
  volume={48},
  number={177},
  pages={203--209},
  year={1987}
}
@incollection{shor_sign,
  title={Short signatures from the Weil pairing},
  author={Boneh, Dan and Lynn, Ben and Shacham, Hovav},
  booktitle={Advances in Cryptology—ASIACRYPT 2001},
  pages={514--532},
  year={2001},
  publisher={Springer}
}
@inproceedings{group_sign_1,
  title={Short group signatures},
  author={Boneh, Dan and Boyen, Xavier and Shacham, Hovav},
  booktitle={Advances in Cryptology--CRYPTO 2004},
  pages={41--55},
  year={2004},
  organization={Springer}
}
@incollection{group_sign_2,
  title={Verifier-local revocation group signature schemes with backward unlinkability from bilinear maps},
  author={Nakanishi, Toru and Funabiki, Nobuo},
  booktitle={Advances in Cryptology-ASIACRYPT 2005},
  pages={533--548},
  year={2005},
  publisher={Springer}
}

@inproceedings{boradcast,
  title={Collusion resistant broadcast encryption with short ciphertexts and private keys},
  author={Boneh, Dan and Gentry, Craig and Waters, Brent},
  booktitle={Advances in Cryptology--CRYPTO 2005},
  pages={258--275},
  year={2005},
  organization={Springer}
}

@book{Silverman,
  title={Arithmetic geometry},
  author={Silverman, Joseph H and Cornell, Gary and Artin, M},
  year={1986},
  publisher={Springer}
}
@article{Weil_p,
  title={The Weil pairing, and its efficient calculation},
  author={Miller, Victor S},
  journal={Journal of Cryptology},
  volume={17},
  number={4},
  pages={235--261},
  year={2004},
  publisher={Springer}
}
@article{op_ate_p,
  title={Optimal pairings},
  author={Vercauteren, Frederik},
  journal={Information Theory, IEEE Transactions on},
  volume={56},
  number={1},
  pages={455--461},
  year={2010},
  publisher={IEEE}
}
@incollection{const_ext,
  title={Constructing tower extensions of finite fields for implementation of pairing-based cryptography},
  author={Benger, Naomi and Scott, Michael},
  booktitle={Arithmetic of finite fields},
  pages={180--195},
  year={2010},
  publisher={Springer}
}
@incollection{ec_ex,
  title={Constructing elliptic curves with prescribed embedding degrees},
  author={Barreto, Paulo SLM and Lynn, Ben and Scott, Michael},
  booktitle={Security in Communication Networks},
  pages={257--267},
  year={2002},
  publisher={Springer}
}
@incollection{pr_ex,
  title={Efficient algorithms for pairing-based cryptosystems},
  author={Barreto, Paulo SLM and Kim, Hae Y and Lynn, Ben and Scott, Michael},
  booktitle={Advances in cryptology—CRYPTO 2002},
  pages={354--369},
  year={2002},
  publisher={Springer}
}
@inproceedings{ef_ex,
  title={Optimal extension fields for fast arithmetic in public-key algorithms},
  author={Bailey, Daniel V and Paar, Christof},
  booktitle={Advances in Cryptology—CRYPTO'98},
  pages={472--485},
  year={1998},
  organization={Springer}
}
@incollection{kss_param,
  title={On the efficient implementation of pairing-based protocols},
  author={Scott, Michael},
  booktitle={Cryptography and Coding},
  pages={296--308},
  year={2011},
  publisher={Springer}
}
@book{ecc_book,
  title={Elliptic curves: number theory and cryptography},
  author={Washington, Lawrence C},
  year={2008},
  publisher={CRC press}
}