 @article{KhandakerN17,
  author    = {Md. Al{-}Amin Khandaker and
               Yasuyuki Nogami},
  title     = {An Improvement of Scalar Multiplication by Skew Frobenius Map with
               Multi-Scalar Multiplication for {KSS} Curve},
  journal   = {{IEICE} Transactions},
  volume    = {100-A},
  number    = {9},
  pages     = {1838--1845},
  year      = {2017},
  doi       = {10.1587/transfun.E100.A.1838},
  timestamp = {Thu, 27 Sep 2018 16:10:07 +0200},
   keyword = {own}
}
@article{DBLP:journals/jicce/KhandakerPNK17,
  author    = {Md. Al{-}Amin Khandaker and
               Taehwan Park and
               Yasuyuki Nogami and
               Howon Kim},
  title     = {A Comparative Study of Twist Property in {KSS} Curves of Embedding
               Degree 16 and 18 from the Implementation Perspective},
  journal   = {J. Inform. and Commun. Convergence Engineering},
  volume    = {15},
  number    = {2},
  year      = {2017},
  doi       = {10.6109/jicce.2017.15.2.97},
  timestamp = {Tue, 15 Aug 2017 15:00:16 +0200},
 keyword = {own}
}
@article{NanjoKKN18,
  author    = {Yuki Nanjo and
               Md. Al{-}Amin Khandaker and
               Takuya Kusaka and
               Yasuyuki Nogami},
  title     = {Efficient Pairing-Based Cryptography on Raspberry Pi},
  journal   = {{JCM}},
  volume    = {13},
  number    = {2},
  pages     = {88--93},
  year      = {2018},
  doi       = {10.12720/jcm.13.2.88-93.},
  timestamp = {Tue, 27 Mar 2018 11:27:28 +0200},
   keyword = {coauth}
}
@article{DBLP:journals/ijnc/HashimotoKKPKKN18,
  author    = {Yuta Hashimoto and
               Md. Al{-}Amin Khandaker and
               Yuta Kodera and
               Taehwan Park and
               Takuya Kusaka and
               Howon Kim and
               Yasuyuki Nogami},
  title     = {An Implementation of {ECC} with Twisted Montgomery Curve over 32nd
               Degree Tower Field on Arduino Uno},
  journal   = {{IJNC}},
  volume    = {8},
  number    = {2},
  pages     = {341--350},
  year      = {2018},
  doi       = {10.15803/ijnc.8.2_341},
  timestamp = {Fri, 20 Jul 2018 14:13:36 +0200},
   keyword = {coauth}
}
@article{DBLP:journals/ieicet/KoderaMKAKNU18,
  author    = {Yuta Kodera and
               Takeru Miyazaki and
               Md. Al{-}Amin Khandaker and
               Ali Md. Arshad and
               Takuya Kusaka and
               Yasuyuki Nogami and
               Satoshi Uehara},
  title     = {Distribution of Digit Patterns in Multi-Value Sequence over the Odd
               Characteristic Field},
  journal   = {{IEICE} Transactions},
  volume    = {101-A},
  number    = {9},
  pages     = {1525--1536},
  year      = {2018},
  doi       = {10.1587/transfun.E101.A.1525},
  timestamp = {Thu, 27 Sep 2018 14:37:01 +0200},
  keyword = {coauth}
}
