@article{DBLP:journals/moc/Schirokauer10,
  author    = {Oliver Schirokauer},
  title     = {The number field sieve for integers of low weight},
  journal   = {Math. Comput.},
  volume    = {79},
  number    = {269},
  pages     = {583--602},
  year      = {2010},
  doi       = {10.1090/S0025-5718-09-02198-X},
  timestamp = {Sun, 28 May 2017 13:23:42 +0200},
  biburl    = {https://dblp.org/rec/bib/journals/moc/Schirokauer10},
  bibsource = {dblp computer science bibliography, https://dblp.org}
}
@article{cvma_nekado,
	title={Cyclic Vector Multiplication Algorithm and Existence Probability of Gauss Period Normal Basis},
	author={Kenta NEKADO and Yasuyuki NOGAMI and Hidehiro KATO and Yoshitaka MORIKAWA},
	journal={IEICE Transactions on Fundamentals of Electronics, Communications and Computer Sciences},
	volume={E94.A},
	number={1},
	pages={172-179},
	year={2011},
	doi={10.1587/transfun.E94.A.172}
}
@article{cvma_kato,
	author = {Hidehiro Kato and Yasuyuki Nogami and Tomoki Yoshida and Yoshitaka Morikawa},
	title = {Cyclic Vector Multiplication Algorithm Based on a Special Class of Gauss Period Normal Basis},
	journal = {ETRI Journal},
	volume = {29},
	number = {6},
	pages = {769-778},
  year={2007},
	doi = {10.4218/etrij.07.0107.0040}
  }
@misc{cvma_sanada,
	author = {Akihito Sanada   and Duquesne Sylvain and Masaaki Shirase  and Yasuyuki Nogami },
	title = {A Consideration of an Efficient Calculation over the Extension Field of Degree 4 for Elliptic Curve Pairing Cryptography},
	journal = {IEICE Tech. Rep.},
	volume = {116},
	number = {163},
	pages = {45-50},
	year={2016},
	url = {http://www.ieice.org/ken/paper/20160729yb97/eng/}
}

@Article{sylvain_new_param,
	author="Barbulescu, Razvan
	and Duquesne, Sylvain",
	title="Updating Key Size Estimations for Pairings",
	journal="Journal of Cryptology",
	year="2018",
	month="Jan",
	day="29",
	issn="1432-1378",
	url="https://doi.org/10.1007/s00145-018-9280-5"
}
@article{DBLP:journals/moc/Karabina13,
  author    = {Koray Karabina},
  title     = {Squaring in cyclotomic subgroups},
  journal   = {Math. Comput.},
  volume    = {82},
  number    = {281},
  pages     = {555--579},
  year      = {2013},
  doi       = {10.1090/S0025-5718-2012-02625-1},
  timestamp = {Sun, 28 May 2017 13:23:42 +0200},
  biburl    = {https://dblp.org/rec/bib/journals/moc/Karabina13},
  bibsource = {dblp computer science bibliography, https://dblp.org}
}
@article{DBLP:journals/ieicet/NogamiSONAM09,
  author    = {Yasuyuki Nogami and
               Yumi Sakemi and
               Takumi Okimoto and
               Kenta Nekado and
               Masataka Akane and
               Yoshitaka Morikawa},
  title     = {Scalar Multiplication Using Frobenius Expansion over Twisted Elliptic
               Curve for Ate Pairing Based Cryptography},
  journal   = {{IEICE} Transactions},
  volume    = {92-A},
  number    = {1},
  pages     = {182--189},
  year      = {2009},
  doi       = {10.1587/transfun.E92.A.182},
  timestamp = {Sat, 29 Sep 2018 16:01:57 +0200},
  biburl    = {https://dblp.org/rec/bib/journals/ieicet/NogamiSONAM09},
  bibsource = {dblp computer science bibliography, https://dblp.org}
}
@article{DBLP:journals/joc/Miller04,
  author    = {Victor S. Miller},
  title     = {The Weil Pairing, and Its Efficient Calculation},
  journal   = {J. Cryptology},
  volume    = {17},
  number    = {4},
  pages     = {235--261},
  year      = {2004},
  doi       = {10.1007/s00145-004-0315-8},
  timestamp = {Thu, 18 May 2017 09:52:09 +0200},
  biburl    = {https://dblp.org/rec/bib/journals/joc/Miller04},
  bibsource = {dblp computer science bibliography, https://dblp.org}
}
@article{DBLP:journals/tit/Vercauteren10,
  author    = {Frederik Vercauteren},
  title     = {Optimal pairings},
  journal   = {{IEEE} Trans. Information Theory},
  volume    = {56},
  number    = {1},
  pages     = {455--461},
  year      = {2010},
  doi       = {10.1109/TIT.2009.2034881},
  timestamp = {Sun, 28 May 2017 13:18:57 +0200},
  biburl    = {https://dblp.org/rec/bib/journals/tit/Vercauteren10},
  bibsource = {dblp computer science bibliography, https://dblp.org}
}
@inproceedings{sakai2000cryptosystems,
  title={Cryptosystems based on pairing},
  author={Sakai, Ryuichi},
  booktitle={The 2000 Symposium on Cryptography and Information Security, Okinawa, Japan, Jan.},
  pages={26--28},
  year={2000}
}
@article{galbraith2008pairings,
  author    = {Steven D. Galbraith and
               Kenneth G. Paterson and
               Nigel P. Smart},
  title     = {Pairings for cryptographers},
  journal   = {Discrete Applied Mathematics},
  volume    = {156},
  number    = {16},
  pages     = {3113--3121},
  year      = {2008},
  doi       = {10.1016/j.dam.2007.12.010},
  timestamp = {Wed, 14 Nov 2018 10:33:02 +0100},
  biburl    = {https://dblp.org/rec/bib/journals/dam/GalbraithPS08},
  bibsource = {dblp computer science bibliography, https://dblp.org}
}
@article{r_ate,
  author    = {E. Lee and
               H.{-}S. Lee and
               C.{-}M. Park},
  title     = {Efficient and Generalized Pairing Computation on Abelian Varieties},
  journal   = {{IEEE} Trans. Information Theory},
  volume    = {55},
  number    = {4},
  pages     = {1793--1803},
  year      = {2009},
  doi       = {10.1109/TIT.2009.2013048},
  timestamp = {Sun, 28 May 2017 13:18:52 +0200},
  biburl    = {https://dblp.org/rec/bib/journals/tit/LeeLP09},
  bibsource = {dblp computer science bibliography, https://dblp.org}
}
@inproceedings{self_CANDAR,
  author    = {Md. Al{-}Amin Khandaker and
               Yasuyuki Nogami},
  title     = {Isomorphic Mapping for Ate-Based Pairing over {KSS} Curve of Embedding
               Degree 18},
  booktitle = {Fourth International Symposium on Computing and Networking, {CANDAR}
               2016, Hiroshima, Japan, November 22-25, 2016},
  pages     = {629--634},
  year      = {2016},
  crossref  = {DBLP:conf/ic-nc/2016},
  doi       = {10.1109/CANDAR.2016.0113},
  timestamp = {Wed, 24 May 2017 08:27:17 +0200},
  biburl    = {https://dblp.org/rec/bib/conf/ic-nc/KhandakerN16},
  bibsource = {dblp computer science bibliography, https://dblp.org}
}
@proceedings{DBLP:conf/ic-nc/2016,
  title     = {Fourth International Symposium on Computing and Networking, {CANDAR}
               2016, Hiroshima, Japan, November 22-25, 2016},
  publisher = {{IEEE} Computer Society},
  year      = {2016},
  isbn      = {978-1-5090-2655-5},
  timestamp = {Wed, 01 Feb 2017 11:57:17 +0100},
  biburl    = {https://dblp.org/rec/bib/conf/ic-nc/2016},
  bibsource = {dblp computer science bibliography, https://dblp.org}
}
@inproceedings{fm_previous,
  title={Construction of Frobenius maps of twists elliptic curves and its application to elliptic scalar multiplication},
  author={Iijima, Tsutomu and Matsuo, Kazuto and Chao, Jinhui and Tsujii, Shigeo},
  booktitle={Proc. of SCIS},
  pages={699--702},
  year={2002}
}
@article {mont_trick,
    AUTHOR = {Montgomery, Peter L.},
     TITLE = {Speeding the {P}ollard and elliptic curve methods of
              factorization},
   JOURNAL = {Math. Comp.},
  FJOURNAL = {Mathematics of Computation},
    VOLUME = {48},
      YEAR = {1987},
    NUMBER = {177},
     PAGES = {243--264},
      ISSN = {0025-5718},
   MRCLASS = {11Y05 (11A51 68Q40)},
  MRNUMBER = {866113},
MRREVIEWER = {Kevin S. McCurley},
       DOI = {10.2307/2007888}
}
@Manual{gmp,
  title = 	 "{GNU MP}: {T}he {GNU} {M}ultiple {P}recision
 		  {A}rithmetic {L}ibrary",
  author = "Torbj√∂rn Granlund and {the GMP development team}",
  edition = "6.1.0",
  year = 2015,
 note = "http://gmplib.org"
 }
@Book{washington2003elliptic,
 author = {Washington, Lawrence},
 title = {Elliptic curves : number theory and cryptography},
 publisher = {Chapman \& Hall/CRC},
 year = {2003},
 isbn = {9780203484029}
 }
@book{Silverman,
  title={Arithmetic geometry},
  author={Silverman, Joseph H and Cornell, Gary and Artin, M},
  year={1986},
  publisher={Springer}
}
@Book{cornell1986arithmetic,
 author={Silverman, Joseph H and Cornell, Gary and Artin, M},
 title = {Arithmetic Geometry},
 publisher = {Springer New York},
 year = {1986},
 address = {New York, NY},
 isbn = {9781461386551}
 }
@article{weil1949numbers,
  title={Numbers of solutions of equations in finite fields},
  author={Weil, Andr{\'e} and others},
  journal={Bull. Amer. Math. Soc},
  volume={55},
  number={5},
  pages={497--508},
  year={1949}
}
@book{ate,
  title={Handbook of elliptic and hyperelliptic curve cryptography},
  author={Cohen, Henri and Frey, Gerhard and Avanzi, Roberto and Doche, Christophe and Lange, Tanja and Nguyen, Kim and Vercauteren, Frederik},
  year={2005},
  publisher={CRC press}
}
@book{DBLP:reference/crc/2005ehcc,
  editor    = {Henri Cohen and
               Gerhard Frey and
               Roberto Avanzi and
               Christophe Doche and
               Tanja Lange and
               Kim Nguyen and
               Frederik Vercauteren},
  title     = {Handbook of Elliptic and Hyperelliptic Curve Cryptography},
  publisher = {Chapman and Hall/CRC},
  year      = {2005},
  doi       = {10.1201/9781420034981},
  isbn      = {978-1-58488-518-4},
  timestamp = {Mon, 25 Sep 2017 10:36:36 +0200},
  biburl    = {https://dblp.org/rec/bib/reference/crc/2005ehcc},
  bibsource = {dblp computer science bibliography, https://dblp.org}
}
@article{Karabina13Squaring,
  author    = {Koray Karabina},
  title     = {Squaring in cyclotomic subgroups},
  journal   = {Math. Comput.},
  volume    = {82},
  number    = {281},
  pages     = {555--579},
  year      = {2013},
  doi       = {10.1090/S0025-5718-2012-02625-1},
  timestamp = {Sun, 28 May 2017 13:23:42 +0200},
  biburl    = {https://dblp.org/rec/bib/journals/moc/Karabina13},
  bibsource = {dblp computer science bibliography, https://dblp.org}
}
@article{khandaker2017improvement,
  author    = {Md. Al{-}Amin Khandaker and
               Yasuyuki Nogami},
  title     = {An Improvement of Scalar Multiplication by Skew Frobenius Map with
               Multi-Scalar Multiplication for {KSS} Curve},
  journal   = {{IEICE} Transactions},
  volume    = {100-A},
  number    = {9},
  pages     = {1838--1845},
  year      = {2017},
  doi       = {10.1587/transfun.E100.A.1838},
  timestamp = {Thu, 27 Sep 2018 16:10:07 +0200},
  biburl    = {https://dblp.org/rec/bib/journals/ieicet/KhandakerN17},
  bibsource = {dblp computer science bibliography, https://dblp.org}
}
@article{faz2015efficient,
  author    = {Armando Faz{-}Hern{\'{a}}ndez and
               Patrick Longa and
               Ana H. S{\'{a}}nchez},
  title     = {Efficient and secure algorithms for GLV-based scalar multiplication
               and their implementation on {GLV-GLS} curves (extended version)},
  journal   = {J. Cryptographic Engineering},
  volume    = {5},
  number    = {1},
  pages     = {31--52},
  year      = {2015},
  doi       = {10.1007/s13389-014-0085-7},
  timestamp = {Thu, 15 Jun 2017 21:24:32 +0200},
  biburl    = {https://dblp.org/rec/bib/journals/jce/Faz-HernandezLS15},
  bibsource = {dblp computer science bibliography, https://dblp.org}
}
@inproceedings{AC:Groth10a,
  title={Short pairing-based non-interactive zero-knowledge arguments},
  author={Groth, Jens},
  booktitle={International Conference on the Theory and Application of Cryptology and Information Security},
  pages={321--340},
  year={2010},
  organization={Springer}
}
@article{solinas2001JFS,
  author    = {Peter J. Grabner and
               Clemens Heuberger and
               Helmut Prodinger},
  title     = {Distribution results for low-weight binary representations for pairs
               of integers},
  journal   = {Theor. Comput. Sci.},
  volume    = {319},
  number    = {1-3},
  pages     = {307--331},
  year      = {2004},
  doi       = {10.1016/j.tcs.2004.02.012},
  timestamp = {Wed, 14 Jun 2017 20:32:10 +0200},
  biburl    = {https://dblp.org/rec/bib/journals/tcs/GrabnerHP04},
  bibsource = {dblp computer science bibliography, https://dblp.org}
}
@article{Karatsuba,
  title={Multiplication of many-digital numbers by automatic computers},
  author={Karatsuba, A and Ofman, Y},
  journal={DOKLADY AKADEMII NAUK SSSR},
  volume={145},
  number={2},
  pages={293},
  year={1962},
  publisher={MEZHDUNARODNAYA KNIGA 39 DIMITROVA UL., 113095 MOSCOW, RUSSIA}
}