@ARTICLE{IEEETIT:HesSmaVer06,
author={F. Hess and N. P. Smart and F. Vercauteren}, 
journal={IEEE Transactions on Information Theory}, 
title={The Eta Pairing Revisited}, 
year={2006}, 
volume={52}, 
number={10}, 
pages={4595-4602}, 
keywords={cryptography;telecommunication security;Eta pairing;Tate pairing;security parameter;Frobenius trace;Time of arrival estimation;Elliptic curves;Elliptic curve cryptography;Cryptographic protocols;Information security;Warranties;Computer science;Galois fields;Eta pairing;pairing based cryptography;Tate pairing}, 
doi={10.1109/TIT.2006.881709}, 
ISSN={0018-9448}, 
month={Oct}
}
@article{lane2008draft,
  title={Draft standard for identity-based public key cryptography using pairings},
  author={Lane, Hoes},
  journal={IEEE P1636},
  volume={3},
  pages={D1},
  year={2008}
}
@inproceedings{chung2007asymmetric,
  title={Asymmetric squaring formulae},
  author={Chung, Jaewook and Hasan, M Anwar},
  booktitle={Computer Arithmetic, 2007. ARITH'07. 18th IEEE Symposium on},
  pages={113--122},
  year={2007},
  organization={IEEE}
}