@ARTICLE{IEEETIT:HesSmaVer06,
author={F. Hess and N. P. Smart and F. Vercauteren}, 
journal={IEEE Transactions on Information Theory}, 
title={The Eta Pairing Revisited}, 
year={2006}, 
volume={52}, 
number={10}, 
pages={4595-4602}, 
keywords={cryptography;telecommunication security;Eta pairing;Tate pairing;security parameter;Frobenius trace;Time of arrival estimation;Elliptic curves;Elliptic curve cryptography;Cryptographic protocols;Information security;Warranties;Computer science;Galois fields;Eta pairing;pairing based cryptography;Tate pairing}, 
doi={10.1109/TIT.2006.881709}, 
ISSN={0018-9448}, 
month={Oct}
}
@article{lane2008draft,
  title={Draft standard for identity-based public key cryptography using pairings},
  author={Lane, Hoes},
  journal={IEEE P1636},
  volume={3},
  pages={D1},
  year={2008}
}
@inproceedings{chung2007asymmetric,
  title={Asymmetric squaring formulae},
  author={Chung, Jaewook and Hasan, M Anwar},
  booktitle={Computer Arithmetic, 2007. ARITH'07. 18th IEEE Symposium on},
  pages={113--122},
  year={2007},
  organization={IEEE}
}
@inproceedings{chung2007asymmetric,
  author    = {Jaewook Chung and
               M. Anwar Hasan},
  title     = {Asymmetric Squaring Formulae},
  booktitle = {18th {IEEE} Symposium on Computer Arithmetic {(ARITH-18} 2007), 25-27
               June 2007, Montpellier, France},
  pages     = {113--122},
  year      = {2007},
  crossref  = {DBLP:conf/arith/2007},
  doi       = {10.1109/ARITH.2007.11},
  timestamp = {Sun, 21 May 2017 00:16:58 +0200},
  bibsource = {dblp computer science bibliography, https://dblp.org}
}
@article{diffie1976new,
  author    = {Whitfield Diffie and
               Martin E. Hellman},
  title     = {New directions in cryptography},
  journal   = {{IEEE} Trans. Information Theory},
  volume    = {22},
  number    = {6},
  pages     = {644--654},
  year      = {1976},
  doi       = {10.1109/TIT.1976.1055638},
  timestamp = {Wed, 14 Nov 2018 10:27:05 +0100},
  bibsource = {dblp computer science bibliography, https://dblp.org}
}
@article{rivest1978method,
  author    = {Ronald L. Rivest and
               Adi Shamir and
               Leonard M. Adleman},
  title     = {A Method for Obtaining Digital Signatures and Public-Key Cryptosystems},
  journal   = {Commun. {ACM}},
  volume    = {21},
  number    = {2},
  pages     = {120--126},
  year      = {1978},
  doi       = {10.1145/359340.359342},
  timestamp = {Wed, 14 Nov 2018 10:22:34 +0100},
  bibsource = {dblp computer science bibliography, https://dblp.org}
}
@article{koblitz1987elliptic,
  title={Elliptic curve cryptosystems},
  author={Koblitz, Neal},
  journal={Mathematics of computation},
  volume={48},
  number={177},
  pages={203--209},
  year={1987},
  doi       = {10.1090/S0025-5718-1987-0866109-5}
}
@article{kerckhoffs1883kerckhoffs,
  title={A. Kerckhoffs, la cryptographie militaire, Journal des Sciences Militaires IX, 38 (1883).},
  author={Kerckhoffs, A},
  journal={Journal des sciences militaires},
  volume={9},
  pages={38},
  year={1883}
}
@book{AES_DaemenR02,
  author    = {Joan Daemen and
               Vincent Rijmen},
  title     = {The Design of Rijndael: {AES} - The Advanced Encryption Standard},
  series    = {Information Security and Cryptography},
  publisher = {Springer},
  year      = {2002},
  doi       = {10.1007/978-3-662-04722-4},
  isbn      = {3-540-42580-2},
  timestamp = {Tue, 16 May 2017 14:01:44 +0200},
  bibsource = {dblp computer science bibliography, https://dblp.org}
}
@article{Ade:2015xua,
      author         = "Ade, P. A. R. and others",
      title          = "{Planck 2015 results. XIII. Cosmological parameters}",
      collaboration  = "Planck",
      journal        = "Astron. Astrophys.",
      volume         = "594",
      year           = "2016",
      pages          = "A13",
      doi            = "10.1051/0004-6361/201525830",
      eprint         = "1502.01589",
      archivePrefix  = "arXiv",
      primaryClass   = "astro-ph.CO",
      SLACcitation   = "%%CITATION = ARXIV:1502.01589;%%"
}
@book{book_GPCMrabet2016,
 author = {Mrabet, Nadia El and Joye, Marc},
 title = {Guide to Pairing-Based Cryptography},
 year = {2016},
 isbn = {1498729509, 9781498729505},
 publisher = {Chapman \& Hall/CRC},
} 
@book{book_CMSSmart2015,
 author = {Smart, Nigel P.},
 title = {Cryptography Made Simple},
 year = {2015},
 isbn = {3319219359, 9783319219356},
 edition = {1st},
 publisher = {Springer Publishing Company, Incorporated},
}
@book{book_CSCBlahut,
 author = {Blahut, Richard E.},
 title = {Cryptography and Secure Communication},
 year = {2014},
 isbn = {1107014271, 9781107014275},
 edition = {1st},
 publisher = {Cambridge University Press},
 address = {New York, NY, USA},
}
@book{lidl_niederreiter_1996, 
place={Cambridge}, 
edition={2}, 
series={Encyclopedia of Mathematics and its Applications},
title={Finite Fields},
DOI={10.1017/CBO9780511525926},
publisher={Cambridge University Press},
author={Lidl, Rudolf and Niederreiter, Harald},
year={1996},
collection={Encyclopedia of Mathematics and its Applications}
}
@book{book_HFFMullen2013,
 author = {Mullen, Gary L. and Panario, Daniel},
 title = {Handbook of Finite Fields},
 year = {2013},
 isbn = {143987378X, 9781439873786},
 edition = {1st},
 publisher = {Chapman \& Hall/CRC},
} 
@phdthesis{thesis_costello2012fast,
  title={Fast formulas for computing cryptographic pairings},
  author={Costello, Craig},
  year={2012},
  school={Queensland University of Technology}
}
@phdthesis{thesis_benger2010cryptographic,
  title={Cryptographic pairings: efficiency and DLP security},
  author={Benger, Naomi},
  year={2010},
  school={Dublin City University}
}
@phdthesis{thesis_sakemi2011efficient,
  title={Efficient Pairings and Scalar Multiplications for Next Generation Public Key Cryptography},
  author={Sakemi, Yumi},
  year={2011},
  school={Okayama University}
}

@article{1978-pollard-kangaroo
,author={John M. Pollard}
,ISSN={0025--5718}
,journal={Mathematics of Computation}
,MR={58:10684}
,pages={918--924}
,title={{Monte Carlo methods for index computation mod $p$}}
,volume={32}
,year={1978}
}
